<collection xmlns="http://www.loc.gov/MARC21/slim">
<record>
  <leader>01409nam0a22002411i 450 </leader>
  <controlfield tag="001">IT\ICCU\CNCE\065567</controlfield>
  <controlfield tag="005">20060801000000.0</controlfield>
  <datafield tag="012" ind1=" " ind2=" ">
    <subfield code="a">iani s.v. ncri revn (3) 1520 (R)</subfield>
    <subfield code="2">fei</subfield>
  </datafield>
  <datafield tag="100" ind1=" " ind2=" ">
    <subfield code="a">20060726d1520        0itac0103    ba</subfield>
  </datafield>
  <datafield tag="101" ind1=" " ind2=" ">
    <subfield code="a">LAT</subfield>
  </datafield>
  <datafield tag="102" ind1=" " ind2=" ">
    <subfield code="a">IT</subfield>
  </datafield>
  <datafield tag="200" ind1="1" ind2=" ">
    <subfield code="a">Virtuti et aeternitati consecratum. Aureae luculentiss.que Petri Carae comitis equitisque splendidi necnon iureconsulti grauis ... Orationes. In quibus quicquid demonstratiuo in genere vspiam reperiri potest cum recondita eruditione habes lector. Additiseiusdem ad claros viros simul &amp; a doctis ad ipsum Caram &amp; de eo epistolis ... Ioannes Bremius lectori ...</subfield>
  </datafield>
  <datafield tag="210" ind1=" " ind2=" ">
    <subfield code="e">In Augusta Taurinorum</subfield>
    <subfield code="g">Ioannes Bremius Castigabat P.P. Porrus Chalcographus Imprimebat</subfield>
    <subfield code="h">kal. Nouem. 1520</subfield>
  </datafield>
  <datafield tag="215" ind1=" " ind2=" ">
    <subfield code="a">\6!, 118 c.</subfield>
    <subfield code="d">4℗ð</subfield>
  </datafield>
  <datafield tag="300" ind1=" " ind2=" ">
    <subfield code="a">Abbreviazioni nel tit. sciolte. -  Front. e Epistola nuncupatoria in cornice xilogr. -  Iniziali xilogr. -  Segn.: 6 A-Óı Ṕœ</subfield>
  </datafield>
  <datafield tag="620" ind1=" " ind2=" ">
    <subfield code="a">IT</subfield>
    <subfield code="d">Torino</subfield>
  </datafield>
  <datafield tag="700" ind1=" " ind2="1">
    <subfield code="a">Cara,</subfield>
    <subfield code="b">Pietro</subfield>
    <subfield code="3">IT\ICCU\CNCA\002594</subfield>
  </datafield>
  <datafield tag="712" ind1="0" ind2="0">
    <subfield code="a">Porro, Pietro Paolo</subfield>
    <subfield code="3">IT\ICCU\CNCT\000381</subfield>
    <subfield code="4">650</subfield>
  </datafield>
  <datafield tag="791" ind1="0" ind2="0">
    <subfield code="a">Porris, Petrus Paulus de</subfield>
    <subfield code="3">IT\ICCU\CNCT\002531</subfield>
    <subfield code="z">Porro, Pietro Paolo</subfield>
  </datafield>
  <datafield tag="791" ind1="0" ind2="0">
    <subfield code="a">De_Porris, Petrus Paulus</subfield>
    <subfield code="3">IT\ICCU\CNCT\002532</subfield>
    <subfield code="z">Porro, Pietro Paolo</subfield>
  </datafield>
  <datafield tag="791" ind1="0" ind2="0">
    <subfield code="a">Porrus, Petrus Paulus</subfield>
    <subfield code="3">IT\ICCU\CNCT\005473</subfield>
    <subfield code="z">Porro, Pietro Paolo</subfield>
  </datafield>
  <datafield tag="801" ind1=" " ind2="3">
    <subfield code="a">IT</subfield>
    <subfield code="b">ICCU</subfield>
    <subfield code="c">20201115</subfield>
  </datafield>
  <datafield tag="899" ind1=" " ind2=" ">
    <subfield code="a">Biblioteca dell&apos;Accademia delle scienze. Torino</subfield>
    <subfield code="1">TO0324</subfield>
    <subfield code="2">TO0 17</subfield>
  </datafield>
</record>
</collection>
